@misc{the_white_house_2021,
title={Executive Order on Tackling the Climate Crisis at Home and Abroad}, url={https://www.whitehouse.gov/briefing-room/presidential-actions/2021/01/27/executive-order-on-tackling-the-climate-crisis-at-home-and-abroad/}, journal={The White House}, publisher={The United States Government}, year={2021}, month={Jan}} 

@misc{mcwhinney_2020, title={Top Green Investing Opportunities}, url={https://www.investopedia.com/articles/stocks/07/green-industries.asp}, journal={Investopedia}, publisher={Investopedia}, author={McWhinney, James}, year={2020}, month={Aug}} 

@article{DBLP:journals/corr/abs-1010-3003,
author    = {Johan Bollen and
           Huina Mao and
           Xiao{-}Jun Zeng},
title     = {Twitter mood predicts the stock market},
journal   = {CoRR},
volume    = {abs/1010.3003},
year      = {2010},
url       = {http://arxiv.org/abs/1010.3003},
archivePrefix = {arXiv},
eprint    = {1010.3003},
timestamp = {Mon, 13 Aug 2018 16:48:53 +0200},
biburl    = {https://dblp.org/rec/journals/corr/abs-1010-3003.bib},
bibsource = {dblp computer science bibliography, https://dblp.org}
}

@INPROCEEDINGS{8713246,  author={A. {Bari} and P. {Peidaee} and A. {Khera} and J. {Zhu} and H. {Chen}},  booktitle={2019 IEEE 4th International Conference on Big Data Analytics (ICBDA)},   title={Predicting Financial Markets Using The Wisdom of Crowds},   year={2019},  volume={},  number={},  pages={334-340},  doi={10.1109/ICBDA.2019.8713246}}

@misc{mao2011predicting,
  title={Predicting Financial Markets: Comparing Survey, News, Twitter and Search Engine Data}, 
  author={Huina Mao and Scott Counts and Johan Bollen},
  year={2011},
  eprint={1112.1051},
  archivePrefix={arXiv},
  primaryClass={q-fin.ST}
}

@misc{nasa_2021, 
title={Climate Change Evidence: How Do We Know?}, url={https://climate.nasa.gov/evidence/}, journal={NASA}, publisher={NASA}, year={2021}, month={Jan}} 

@misc{delventhal_2021, 
title={Fastest Growing Green Startups of 2020}, url={https://www.investopedia.com/articles/investing/021116/10-fastest-growing-green-startups-2016.asp}, journal={Investopedia}, publisher={Investopedia}, author={Delventhal, Shoshanna}, year={2021}, month={Jan}} 

@misc{sah_2018, title={Text Data Cleaning - tweets analysis}, url={https://www.kaggle.com/ragnisah/text-data-cleaning-tweets-analysis}, journal={Kaggle}, publisher={Kaggle}, author={Sah, Rageeni}, year={2018}, month={Oct}} 
